<record><leader>00000cas a22000007a 4500</leader><controlfield tag="001">32681246</controlfield><controlfield tag="008">950620d18uu18uucauwr ne      0    0eng d</controlfield><datafield ind1=" " ind2=" " tag="010"><subfield code="a">sn 95062782 </subfield></datafield><datafield ind1=" " ind2=" " tag="040"><subfield code="a">CUY</subfield><subfield code="b">eng</subfield><subfield code="c">CNK</subfield><subfield code="d">OCLCQ</subfield></datafield><datafield ind1=" " ind2=" " tag="042"><subfield code="a">msc</subfield></datafield><datafield ind1="0" ind2=" " tag="130"><subfield code="a">New York herald (New York, N.Y. : Pacific ed.)</subfield></datafield><datafield ind1="1" ind2="4" tag="245"><subfield code="a">The New York herald.</subfield></datafield><datafield ind1=" " ind2=" " tag="250"><subfield code="a">Ed. for the Pacific.</subfield></datafield><datafield ind1=" " ind2=" " tag="260"><subfield code="a">New York [N.Y.] :</subfield><subfield code="b">James Gordon Bennett</subfield></datafield><datafield ind1=" " ind2=" " tag="300"><subfield code="a">v.</subfield></datafield><datafield ind1=" " ind2=" " tag="310"><subfield code="a">Weekly</subfield></datafield><datafield ind1=" " ind2=" " tag="588"><subfield code="a">Description based on: Vol. 28, no. 22 (Aug. 3, 1864) = whole no. 1383.</subfield></datafield><datafield ind1=" " ind2=" " tag="752"><subfield code="a">United States</subfield><subfield code="b">New York</subfield><subfield code="c">New York</subfield><subfield code="d">New York.</subfield></datafield><datafield ind1="0" ind2=" " tag="775"><subfield code="t">New York herald (New York, N.Y. : 1840)</subfield><subfield code="w">(DLC)sn 83030313</subfield></datafield><datafield ind1="0" ind2=" " tag="775"><subfield code="t">Weekly herald (New York, N.Y. : 1836)</subfield><subfield code="w">(DLC)sn 83045442</subfield></datafield><datafield ind1="0" ind2=" " tag="775"><subfield code="t">Herald for Europe</subfield><subfield code="w">(DLC)sn 85025964</subfield></datafield><datafield ind1="1" ind2=" " tag="029"><subfield code="a">AU@</subfield><subfield code="b">000011782728</subfield></datafield></record>